
% Triest Paper (related work)
@Article{machines11020268,
AUTHOR = {Caruso, Matteo and Regolin, Enrico and Camerota Verdù, Federico Julian and Russo, Stefano Alberto and Bortolussi, Luca and Seriani, Stefano},
TITLE = {Robot Navigation in Crowded Environments: A Reinforcement Learning Approach},
JOURNAL = {Machines},
VOLUME = {11},
YEAR = {2023},
NUMBER = {2},
ARTICLE-NUMBER = {268},
URL = {https://www.mdpi.com/2075-1702/11/2/268},
ISSN = {2075-1702},
DOI = {10.3390/machines11020268}
}

@article{fan2020distributed,
  title={Fully Distributed multi-robot collision avoidance via deep reinforcement learning for navigation in complex scenarios},
  author={Fan, Tingxiang and Long, Pinxin and Liu, Wenxi and Pan, Jia},
  journal={The International Journal of Robotics Research},
  year={2020}
}

& another multi-robot approach
@INPROCEEDINGS{Shunyi2020multirobot2,
  author={Yao, Shunyi and Chen, Guangda and Pan, Lifan and Ma, Jun and Ji, Jianmin and Chen, Xiaoping},
  booktitle={2020 IEEE 32nd International Conference on Tools with Artificial Intelligence (ICTAI)}, 
  title={Multi-Robot Collision Avoidance with Map-based Deep Reinforcement Learning}, 
  year={2020},
  volume={},
  number={},
  pages={532-539},
  doi={10.1109/ICTAI50040.2020.00088}
}

% survey on deep rl for autonomous driving
@ARTICLE{Kiran2022survey,
  author={Kiran, B Ravi and Sobh, Ibrahim and Talpaert, Victor and Mannion, Patrick and Sallab, Ahmad A. Al and Yogamani, Senthil and Pérez, Patrick},
  journal={IEEE Transactions on Intelligent Transportation Systems}, 
  title={Deep Reinforcement Learning for Autonomous Driving: A Survey}, 
  year={2022},
  volume={23},
  number={6},
  pages={4909-4926},
  doi={10.1109/TITS.2021.3054625}
}

% differential drive + bicycle drive
@inbook{klancar_2017_motion,
    place={Oxford},
    title={Motion Modeling for Mobile Robots},
    booktitle={Wheeled Mobile Robotics from fundamentals towards Autonomous Systems},
    publisher={Butterworth-Heinemann},
    author={Klančar, Gregor and Zdešar, Andrej and Blažič, Sašo and Škrjanc, Igor},
    year={2017},
    pages={13–23}
}

% Social Force (Original)
@article{helbig1995socialforce,
  title = {Social force model for pedestrian dynamics},
  author = {Helbing, Dirk and Moln\'ar, P\'eter},
  journal = {Phys. Rev. E},
  volume = {51},
  issue = {5},
  pages = {4282--4286},
  numpages = {0},
  year = {1995},
  month = {05},
  publisher = {American Physical Society},
  doi = {10.1103/PhysRevE.51.4282},
  url = {https://link.aps.org/doi/10.1103/PhysRevE.51.4282}
}

% Social Force (Groups)
@article{moussaid2010groupssf,
    doi = {10.1371/journal.pone.0010047},
    author = {Moussaïd, Mehdi AND Perozo, Niriaska AND Garnier, Simon AND Helbing, Dirk AND Theraulaz, Guy},
    journal = {PLOS ONE},
    publisher = {Public Library of Science},
    title = {The Walking Behaviour of Pedestrian Social Groups and Its Impact on Crowd Dynamics},
    year = {2010},
    month = {04},
    volume = {5},
    url = {https://doi.org/10.1371/journal.pone.0010047},
    pages = {1-7},
    number = {4},
}

% Social Force E-Scooter NPC
@ARTICLE{liu2022scootersf,
  author={Liu, Yen-Chen and Jafari, Alireza and Shim, Jae Kun and Paley, Derek A.},
  journal={IEEE Transactions on Intelligent Transportation Systems}, 
  title={Dynamic Modeling and Simulation of Electric Scooter Interactions With a Pedestrian Crowd Using a Social Force Model}, 
  year={2022},
  volume={23},
  number={9},
  pages={16448-16461},
  keywords={},
  doi={10.1109/TITS.2022.3150282},
  ISSN={1558-0016},
  month={09},
}

% Social Force Other Vehicle NPCs
@article{huynh2014modelling,
author = {Huynh Duc, Nguyen and Huynh, and Boltze, Manfred and Anh, Tuấn and Vu,},
year = {2014},
month = {03},
pages = {},
title = {Modelling Mixed Traffic Flow at Signalized Intersection Using Social Force Model},
volume = {10},
journal = {EASTS}
}

% Reinforcement Learning: An Introduction
@book{sutton1998rlintro,
  added-at = {2019-07-13T10:11:53.000+0200},
  author = {Sutton, Richard S. and Barto, Andrew G.},
  biburl = {https://www.bibsonomy.org/bibtex/2f46601cf8b13d39d1378af0d79438b12/lanteunis},
  edition = {Second},
  interhash = {ac6b144aaec1819919a2fba9f705c852},
  intrahash = {f46601cf8b13d39d1378af0d79438b12},
  keywords = {},
  publisher = {The MIT Press},
  timestamp = {2019-07-13T10:11:53.000+0200},
  title = {Reinforcement Learning: An Introduction},
  url = {http://incompleteideas.net/book/the-book-2nd.html},
  year = {2018}
}

% REINFORCE paper
@article{Williams2004SimpleSG,
  title={Simple Statistical Gradient-Following Algorithms for Connectionist Reinforcement Learning},
  author={Ronald J. Williams},
  journal={Machine Learning},
  year={2004},
  volume={8},
  pages={229-256}
}

% Deep Q with Atari
@misc{mnih2013dqn,
      title={Playing Atari with Deep Reinforcement Learning}, 
      author={Volodymyr Mnih and Koray Kavukcuoglu and David Silver and Alex Graves and Ioannis Antonoglou and Daan Wierstra and Martin Riedmiller},
      year={2013},
      eprint={1312.5602},
      archivePrefix={arXiv},
      primaryClass={cs.LG}
}

% General Advantage Estimation
@misc{schulman2018gae,
      title={High-Dimensional Continuous Control Using Generalized Advantage Estimation}, 
      author={John Schulman and Philipp Moritz and Sergey Levine and Michael Jordan and Pieter Abbeel},
      year={2018},
      eprint={1506.02438},
      archivePrefix={arXiv},
      primaryClass={cs.LG}
}

% Trust Region Policy Optimization
@misc{schulman2017trust,
      title={Trust Region Policy Optimization}, 
      author={John Schulman and Sergey Levine and Philipp Moritz and Michael I. Jordan and Pieter Abbeel},
      year={2017},
      eprint={1502.05477},
      archivePrefix={arXiv},
      primaryClass={cs.LG}
}

% PPO Algorithm
@article{schulman2018ppo,
  author       = {John Schulman and
                  Filip Wolski and
                  Prafulla Dhariwal and
                  Alec Radford and
                  Oleg Klimov},
  title        = {Proximal Policy Optimization Algorithms},
  journal      = {CoRR},
  volume       = {abs/1707.06347},
  year         = {2017},
  url          = {http://arxiv.org/abs/1707.06347},
  eprinttype    = {arXiv},
  eprint       = {1707.06347},
  timestamp    = {Mon, 13 Aug 2018 16:47:34 +0200},
  biburl       = {https://dblp.org/rec/journals/corr/SchulmanWDRK17.bib},
  bibsource    = {dblp computer science bibliography, https://dblp.org}
}

% State Dependent Exploration
@inproceedings{rueckstiess2008sde,
author = {Rückstieß, Thomas and Felder, Martin and Schmidhuber, Jürgen},
year = {2008},
month = {09},
pages = {234-249},
title = {State-Dependent Exploration for Policy Gradient Methods},
isbn = {978-3-540-87480-5},
doi = {10.1007/978-3-540-87481-2_16}
}

% Generalized State Dependent Exploration
@misc{raffin2021gsde,
      title={Smooth Exploration for Robotic Reinforcement Learning}, 
      author={Antonin Raffin and Jens Kober and Freek Stulp},
      year={2021},
      eprint={2005.05719},
      archivePrefix={arXiv},
      primaryClass={cs.LG}
}

% Variational Autoencoder
@misc{kingma2022autoencoding,
      title={Auto-Encoding Variational Bayes}, 
      author={Diederik P Kingma and Max Welling},
      year={2022},
      eprint={1312.6114},
      archivePrefix={arXiv},
      primaryClass={stat.ML}
}

% World Models
@inproceedings{NEURIPS2018_2de5d166,
 author = {Ha, David and Schmidhuber, J\"{u}rgen},
 booktitle = {Advances in Neural Information Processing Systems},
 editor = {S. Bengio and H. Wallach and H. Larochelle and K. Grauman and N. Cesa-Bianchi and R. Garnett},
 pages = {},
 publisher = {Curran Associates, Inc.},
 title = {Recurrent World Models Facilitate Policy Evolution},
 url = {https://proceedings.neurips.cc/paper_files/paper/2018/file/2de5d16682c3c35007e4e92982f1a2ba-Paper.pdf},
 volume = {31},
 year = {2018}
}

% Dreamer v1
@misc{hafner2020dreamerv1,
      title={Dream to Control: Learning Behaviors by Latent Imagination}, 
      author={Danijar Hafner and Timothy Lillicrap and Jimmy Ba and Mohammad Norouzi},
      year={2020},
      eprint={1912.01603},
      archivePrefix={arXiv},
      primaryClass={cs.LG}
}

% Dreamer v2
@misc{hafner2022dreamerv2,
      title={Mastering Atari with Discrete World Models}, 
      author={Danijar Hafner and Timothy Lillicrap and Mohammad Norouzi and Jimmy Ba},
      year={2022},
      eprint={2010.02193},
      archivePrefix={arXiv},
      primaryClass={cs.LG}
}

% Dreamer v3
@misc{hafner2023dreamerv3,
      title={Mastering Diverse Domains through World Models}, 
      author={Danijar Hafner and Jurgis Pasukonis and Jimmy Ba and Timothy Lillicrap},
      year={2023},
      eprint={2301.04104},
      archivePrefix={arXiv},
      primaryClass={cs.AI}
}

% Straight-Through Gradients
@misc{bengio2013estimating,
      title={Estimating or Propagating Gradients Through Stochastic Neurons for Conditional Computation}, 
      author={Yoshua Bengio and Nicholas Léonard and Aaron Courville},
      year={2013},
      eprint={1308.3432},
      archivePrefix={arXiv},
      primaryClass={cs.LG}
}

% VQ-VAE
@misc{oord2018vqvae,
      title={Neural Discrete Representation Learning}, 
      author={Aaron van den Oord and Oriol Vinyals and Koray Kavukcuoglu},
      year={2018},
      eprint={1711.00937},
      archivePrefix={arXiv},
      primaryClass={cs.LG}
}

% Scalene Profiler
@misc{berger2022triangulating,
      title={Triangulating Python Performance Issues with Scalene}, 
      author={Emery D. Berger and Sam Stern and Juan Altmayer Pizzorno},
      year={2022},
      eprint={2212.07597},
      archivePrefix={arXiv},
      primaryClass={cs.PL}
}

% OpenAI Gym
@misc{brockman2016openai,
      title={OpenAI Gym}, 
      author={Greg Brockman and Vicki Cheung and Ludwig Pettersson and Jonas Schneider and John Schulman and Jie Tang and Wojciech Zaremba},
      year={2016},
      eprint={1606.01540},
      archivePrefix={arXiv},
      primaryClass={cs.LG}
}

% Stable Baselines
@article{raffin2021sb3,
  author  = {Antonin Raffin and Ashley Hill and Adam Gleave and Anssi Kanervisto and Maximilian Ernestus and Noah Dormann},
  title   = {Stable-Baselines3: Reliable Reinforcement Learning Implementations},
  journal = {Journal of Machine Learning Research},
  year    = {2021},
  volume  = {22},
  number  = {268},
  pages   = {1-8},
  url     = {http://jmlr.org/papers/v22/20-1364.html}
}

% CARLA Simulator
@inproceedings{dosovitskiy2017carla,
  title = {{CARLA}: {An} Open Urban Driving Simulator},
  author = {Alexey Dosovitskiy and German Ros and Felipe Codevilla and Antonio Lopez and Vladlen Koltun},
  booktitle = {Proceedings of the 1st Annual Conference on Robot Learning},
  pages = {1--16},
  year = {2017}
}

% Optuna Optimizer
@inproceedings{akiba2019optuna,
    title={Optuna: A Next-generation Hyperparameter Optimization Framework},
    author={Akiba, Takuya and Sano, Shotaro and Yanase, Toshihiko and Ohta, Takeru and Koyama, Masanori},
    booktitle={Proceedings of the 25th {ACM} {SIGKDD} International Conference on Knowledge Discovery and Data Mining},
    year={2019}
}

% Py Social Force
@online{gao2020pysf,
  author = {Yuxiang Gao},
  title = {Py Social Force},
  year = 2020,
  url = {https://github.com/yuxiang-gao/PySocialForce},
  urldate = {2023,07,26}
}

% Bresenham's Line
@article{bresenham65linealgo,
  author       = {Jack Bresenham},
  title        = {Algorithm for Computer Control of a Digital Plotter},
  journal      = {{IBM} Syst. J.},
  volume       = {4},
  number       = {1},
  pages        = {25--30},
  year         = {1965},
  url          = {https://doi.org/10.1147/sj.41.0025},
  doi          = {10.1147/sj.41.0025},
  timestamp    = {Fri, 13 Mar 2020 14:38:29 +0100},
  biburl       = {https://dblp.org/rec/journals/ibmsj/Bresenham65.bib},
  bibsource    = {dblp computer science bibliography, https://dblp.org}
}

% shannon chess
@Inbook{Shannon1988,
author="Shannon, Claude E.",
editor="Levy, David",
title="Programming a Computer for Playing Chess",
bookTitle="Computer Chess Compendium",
year="1988",
publisher="Springer New York",
address="New York, NY",
pages="2--13",
isbn="978-1-4757-1968-0",
doi="10.1007/978-1-4757-1968-0_1",
url="https://doi.org/10.1007/978-1-4757-1968-0_1"
}

% RobotSF GitHub
@online{robotsf2022github,
  author = {Matteo Caruso, Enrico Regolin},
  title = {RobotSF},
  year = 2021,
  url = {https://github.com/EnricoReg/robot-sf},
  urldate = {2023,07,30}
}

% Bicycle Model GitHub
@online{bicycle2023github,
  author = {Winston H.},
  title = {KinematicBicycleModel},
  year = 2021,
  url = {https://github.com/winstxnhdw/KinematicBicycleModel},
  urldate = {2023,07,30}
}

% Zulassungsgesetz für Elektrokleinstfahrzeuge
@online{ekfv2019,
  title = {Verordnung über die Teilnahme von Elektrokleinstfahrzeugen am Straßenverkehr},
  year = 2019,
  url = {https://www.gesetze-im-internet.de/ekfv/eKFV.pdf},
  urldate = {2023,07,30}
}

% Studie über Mikromobilität auf Werksgeländen
@online{ivm2019,
  title = {Zukunftsfeld Mikromobile: E-Tretroller \& Co.},
  year = 2019,
  url = {https://www.ivm-rheinmain.de/wp-content/uploads/2019/05/20190523_Zukunftsfeld-Mikromobile_Brosch%C3%BCre_final.pdf},
  urldate = {2023,07,30}
}

% image bicycle model
@online{fermi2023bicycleimg,
  author = {Thomas Fermi},
  title = {Algorithms for Automated Driving},
  year = 2023,
  url = {https://thomasfermi.github.io/Algorithms-for-Automated-Driving/_images/BicycleModel_x_y_theta.svg},
  urldate = {2023,07,30}
}

% image differential drive
@online{mrdrno2023diffdriveimg,
  author = {Mr.Doctor.No},
  title = {Differential Drive Kinematics of a Wheeled Mobile Robot},
  year = 2022,
  url = {https://commons.wikimedia.org/wiki/File:Differential_Drive_Kinematics_of_a_Wheeled_Mobile_Robot.svg},
  urldate = {2023,07,30}
}

% image world models demo
@online{worldmodels2023diffdriveimg,
  author = {Ha, David and Schmidhuber, J\"{u}rgen},
  title = {World Models},
  year = 2018,
  url = {https://worldmodels.github.io/},
  urldate = {2023,07,30}
}
